<?xml version="1.0" encoding="UTF-8"?><collection xmlns="http://www.loc.gov/MARC21/slim"><record><leader>00362nam--2200133-i-4500</leader><controlfield tag="001">000008419</controlfield><controlfield tag="002">20161230</controlfield><controlfield tag="005">20161230201027</controlfield><controlfield tag="008">060222s1000------------r-----000-0-eng-d</controlfield><datafield ind1=" " ind2=" " tag="080"><subfield code="a">541.13</subfield></datafield><datafield ind1=" " ind2=" " tag="100"><subfield code="a">Bokris, J.O.M. And Razumney, G.A</subfield></datafield><datafield ind1=" " ind2=" " tag="245"><subfield code="a">Fundamental aspects of electrocrystalization</subfield></datafield><datafield ind1=" " ind2=" " tag="260"><subfield code="a">New York, Plenum Press, 1967. Xii + 155 P</subfield></datafield><datafield ind1=" " ind2=" " tag="852"><subfield code="a">26958</subfield></datafield></record></collection>